<record><leader>00000cas a22000007a 4500</leader><controlfield tag="001">10464574</controlfield><controlfield tag="008">840227d18401840vtuwr ne      0    0eng d</controlfield><datafield ind1=" " ind2=" " tag="010"><subfield code="a">sn 84022547 </subfield></datafield><datafield ind1=" " ind2=" " tag="040"><subfield code="a">NPX</subfield><subfield code="b">eng</subfield><subfield code="c">NPX</subfield><subfield code="d">DLC</subfield><subfield code="d">OCLCG</subfield><subfield code="d">DLC</subfield><subfield code="d">OCLCF</subfield></datafield><datafield ind1="1" ind2=" " tag="029"><subfield code="a">AU@</subfield><subfield code="b">000025816636</subfield></datafield><datafield ind1=" " ind2=" " tag="042"><subfield code="a">msc</subfield></datafield><datafield ind1=" " ind2=" " tag="043"><subfield code="a">n-us-vt</subfield></datafield><datafield ind1="0" ind2="0" tag="050"><subfield code="a">Newspaper</subfield></datafield><datafield ind1="0" ind2="0" tag="245"><subfield code="a">Rutland and Addison County Whig.</subfield></datafield><datafield ind1=" " ind2=" " tag="260"><subfield code="a">Brandon, [Vt.] :</subfield><subfield code="b">Brandon Whig Association</subfield></datafield><datafield ind1=" " ind2=" " tag="300"><subfield code="a">v. ;</subfield><subfield code="c">42 cm.</subfield></datafield><datafield ind1=" " ind2=" " tag="310"><subfield code="a">Weekly</subfield></datafield><datafield ind1="1" ind2=" " tag="362"><subfield code="a">Began with Mar. 5, 1840 issue.</subfield><subfield code="z">Cf. Gregory, W.  Amer. newspapers.</subfield></datafield><datafield ind1="1" ind2=" " tag="362"><subfield code="a">Ceased in 1840.</subfield><subfield code="z">Cf. Hemenway, A.  Vt. historical gazetteer, v. 2.</subfield></datafield><datafield ind1=" " ind2=" " tag="500"><subfield code="a">Printer: D.S. Murray &lt;1840&gt;.</subfield></datafield><datafield ind1=" " ind2=" " tag="500"><subfield code="a">Editor: D.W.C. Clarke &lt;1840&gt;.</subfield></datafield><datafield ind1=" " ind2=" " tag="588"><subfield code="a">Description based on: Vol. 1, no. 19 (July 9, 1840).</subfield></datafield><datafield ind1=" " ind2=" " tag="588"><subfield code="a">Latest issue consulted: Vol. 1, no. 28 (Sept. 10, 1840).</subfield></datafield><datafield ind1=" " ind2="0" tag="651"><subfield code="a">Brandon (Vt.)</subfield><subfield code="v">Newspapers.</subfield></datafield><datafield ind1=" " ind2="7" tag="655"><subfield code="a">Newspapers.</subfield><subfield code="2">fast</subfield><subfield code="0">(OCoLC)fst01423814</subfield></datafield><datafield ind1=" " ind2="7" tag="651"><subfield code="a">Vermont</subfield><subfield code="z">Brandon.</subfield><subfield code="2">fast</subfield><subfield code="0">(OCoLC)fst01214455</subfield></datafield><datafield ind1="1" ind2=" " tag="700"><subfield code="a">Clarke, D. W. C.</subfield><subfield code="q">(De Witt Clinton),</subfield><subfield code="d">1812-1870.</subfield></datafield><datafield ind1="2" ind2=" " tag="710"><subfield code="a">Brandon Whig Association.</subfield></datafield><datafield ind1=" " ind2=" " tag="752"><subfield code="a">United States</subfield><subfield code="b">Vermont</subfield><subfield code="c">Rutland</subfield><subfield code="d">Brandon.</subfield></datafield></record>